@article{VANETsim,
	author = {Axel Wegener, Horst Hellbruck AND Christian Wewetzer},
	title = {VANET Simulation Environment with Feedback Loop and its Application to Traffic Light Assistance},
	year = {2008},
    journal = {IEEE}
},

@article{transyt,
title = "Implementation of an advisory speed algorithm in TRANSYT",
journal = "Transportation Research Part A: General",
volume = "19",
number = "3",
pages = "207 - 217",
year = "1985",
note = "",
issn = "0191-2607",
doi = "10.1016/0191-2607(85)90010-X",
url = "http://www.sciencedirect.com/science/article/pii/019126078590010X",
author = "J. van Leersum"
},
 
@inproceedings{congestionAvoidance,
  author = {Pan, Susan Juan and Khan, Mohammad A. and Popa, Iulian Sandu and Zeitouni, Karine and Borcea, Cristian},
  title = {Proactive Vehicle Re-routing Strategies for Congestion Avoidance.},
  booktitle = {DCOSS},
  pages = {265-272},
  publisher = {IEEE},
  year = 2012
}, 

@article{SOTL,
  author    = {Seung-Bae Cools and
               Carlos Gershenson and
               Bart D'Hooghe},
  title     = {Self-organizing traffic lights: A realistic simulation},
  journal   = {CoRR},
  volume    = {abs/nlin/0610040},
  year      = {2006},
  ee        = {http://arxiv.org/abs/nlin/0610040},
  bibsource = {DBLP, http://dblp.uni-trier.de}
}, 

@INPROCEEDINGS{sumo,
	author = {Michael Behrisch and Laura Bieker and Jakob Erdmann and Daniel Krajzewicz},
	title = {SUMO - Simulation of Urban MObility: An Overview},
	booktitle = {SIMUL 2011, The Third International Conference on Advances in System Simulation},
	year = {2011},
	editor = {SINTEF \& University of Oslo Aida Omerovic and RTI International - Research Triangle Park Diglio A. Simoni and RTI International -	Research Triangle Park Georgiy Bobashev},
	pages = {63-68},
	address = {Barcelona, Spain},
	month = {October},
	publisher = {ThinkMind},
	journal = {Proceedings of SIMUL 2011, The Third International Conference on Advances in System Simulation}
}, 
@inproceedings{traci,
 author = {Wegener, Axel and Pi\'{o}rkowski, Micha\l and Raya, Maxim and Hellbr\"{u}ck, Horst and Fischer, Stefan and Hubaux, Jean-Pierre},
 title = {TraCI: an interface for coupling road traffic and network simulators},
 booktitle = {Proceedings of the 11th communications and networking simulation symposium},
 series = {CNS '08},
 year = {2008},
 isbn = {1-56555-318-7},
 location = {Ottawa, Canada},
 pages = {155--163},
 numpages = {9},
 url = {http://doi.acm.org/10.1145/1400713.1400740},
 doi = {10.1145/1400713.1400740},
 acmid = {1400740},
 publisher = {ACM},
 address = {New York, NY, USA},
 keywords = {network simulation, node mobility, vehicular ad-hoc networks (VANETs)},
}, 

@TECHREPORT{ITLC,
    author = {Marco Wiering and Jelle van Veenen and Jilles Vreeken and Arne Koopman},
    title = {Intelligent Traffic Light Control},
    institution = {ERCIM NEWS, EUROPEAN RESEARCH CONSORTIUM FOR INFORMATICS AND MATHEMATICS 53 (2003) 40 – 41},
    year = {2004}
},

@inproceedings{SignalGURU,
  author = {Koukoumidis, Emmanouil and Peh, Li-Shiuan and Martonosi, Margaret Rose},
 title = {SignalGuru: leveraging mobile phones for collaborative traffic signal schedule advisory},
 booktitle = {Proceedings of the 9th international conference on Mobile systems, applications, and services},
 series = {MobiSys '11},
 year = {2011},
 isbn = {978-1-4503-0643-0},
 location = {Bethesda, Maryland, USA},
 pages = {127--140},
 numpages = {14},
 url = {http://doi.acm.org/10.1145/1999995.2000008},
 doi = {10.1145/1999995.2000008},
 acmid = {2000008},
 publisher = {ACM},
 address = {New York, NY, USA},
 keywords = {cameras, detection, green light optimal speed advisory, mobile phones, opportunistic sensing, prediction, signalguru, traffic signal, transition filtering}
}, 

@article{Vejdir,
  author    = {Vejdirektoratet},
  title     = {Bedre Trafiksignaler - Konsekvenser for trafikanter og samfund},
  year      = {2012},
}, 

@article{meso-micro,
  author    = {Wilco Burghout, Haris Koutsopoulos and Ingmar Andréasson},
  title     = {Hybrid Mesoscopic-Microscopic Traffic Simulation},
  year      = {2005},
  journal = {Transportation Research Record},

},

@article{vissim,
  author    = {Martin Fellendorf},
  title     = {VISSIM: A microscopic Simulation Tool to Evaluate Actuated Signal Control including Bus Priority},
  year      = {1994},
  journal = {64th ITE Annual Meeting},

},

@misc{SUMOFuel,
	title = {Simulation/Models/Emissions/HBEFA-based},
	note = {\url{http://sumo.sourceforge.net/doc/current/docs/userdoc/Simulation/Models/Emissions/HBEFA-based.html}},
	year = {2012},
	month = {October},
},

@misc{audi,
	title = {Audi travolution: efficiently through the city},
	note = {\url{http://www.audi.com/com/brand/en/tools/news/pool/2010/06/audi_travolution_.html}},
	year = {2012},
	month = {December},
},
@misc{SparPaFarten,
	author = "{Aalborg University}",
	title = "Spar p\aa \ Farten",
	year = "11/12 2012",
	howpublished = {\url{http://www.sparpaafarten.dk/}}
}


